@inproceedings{Jonson:2016,
  title={Ten research questions for scalable multimedia analytics},
  author={J{\'o}nsson, Bj{\"o}rn {\TH}{\'o}r and Worring, Marcel and Zah{\'a}lka, Jan and Rudinac, Stevan and Amsaleg, Laurent},
  booktitle={International Conference on Multimedia Modeling},
  pages={290--302},
  year={2016},
  organization={Springer}
}

@article{Pouyanfar:2018,
	author = {Pouyanfar, Samira and Yang, Yimin and Chen, Shu-Ching and Shyu, Mei-Ling and Iyengar, S. S.},
	title = {Multimedia Big Data Analytics: A Survey},
	year = {2018},
	issue_date = {April 2018},
	publisher = {Association for Computing Machinery},
	address = {New York, NY, USA},
	volume = {51},
	number = {1},
	issn = {0360-0300},
	url = {https://doi.org/10.1145/3150226},
	doi = {10.1145/3150226},
	journal = {ACM Computing Surveys},
	month = jan,
	articleno = {10},
	numpages = {34}
}